@Comment{
ebib-main-file: /home/alex/Dropbox/HubersPhD/bibliography/ann-bib.bib
}


@Article{AbelOV18,
	author = {Andreas Abel and Joakim {\"{O}}hman and Andrea Vezzosi},
	title = {Decidability of conversion for type theory in type theory},
	journal = {Proc. {ACM} Program. Lang.},
	year = 2018,
	volume = 2,
	number = {{POPL}},
	pages = {23:1--23:29},
	doi = {10.1145/3158111},
	url = {https://doi.org/10.1145/3158111},
	timestamp = {Wed, 17 Feb 2021 08:53:57 +0100},
	biburl = {https://dblp.org/rec/journals/pacmpl/0001OV18.bib},
	bibsource = {dblp computer science bibliography, https://dblp.org}
}

@article{MorrisM19,
	url = {https://www.youtube.com/watch?v=5rDfyB2udKA},
	author = {J. Garrett Morris and
               James McKinna},
	title = {Abstracting extensible data types: or, rows by any other name},
	journal = {Proc. {ACM} Program. Lang.},
	volume = {3},
	number = {{POPL}},
	pages = {12:1--12:28},
	year = {2019},
	OPTurl = {https://doi.org/10.1145/3290325},
	doi = {10.1145/3290325},
	OPTtimestamp = {Wed, 17 Feb 2021 00:00:00 +0100},
	OPTbiburl = {https://dblp.org/rec/journals/pacmpl/MorrisM19.bib},
	OPTbibsource = {dblp computer science bibliography, https://dblp.org}
}

@Article{HubersM23,
	author = {Alex Hubers and J. Garrett Morris},
	title = {Generic Programming with Extensible Data Types; Or, Making Ad
                  Hoc Extensible Data Types Less Ad Hoc},
	journal = {CoRR},
	year = 2023,
	volume = {abs/2307.08759},
	doi = {10.48550/arXiv.2307.08759},
	eprint = {2307.08759},
	eprinttype = {arXiv},
	url = {https://doi.org/10.48550/arXiv.2307.08759},
	timestamp = {Tue, 25 Jul 2023 16:04:08 +0200},
	biburl = {https://dblp.org/rec/journals/corr/abs-2307-08759.bib},
	bibsource = {dblp computer science bibliography, https://dblp.org}
}

